<?xml version="1.0" encoding="UTF-8" standalone="yes"?>
<Document xmlns="urn:iso:std:iso:20022:tech:xsd:pain.001.001.05">
    <CstmrCdtTrfInitn>
        <GrpHdr>
            <MsgId>F/NBC/DRT/AAH/20190906/14444076377</MsgId>
            <CreDtTm>2018-11-21T09:57:28.567+02:00</CreDtTm>
            <NbOfTxs>1</NbOfTxs>

            <CtrlSum>10</CtrlSum>

            <InitgPty>

                <Nm>AAH</Nm>

            </InitgPty>

        </GrpHdr>

        <PmtInf>

            <PmtInfId>67b1df568d2d4684be440e5202c10926</PmtInfId>

            <PmtMtd>TRF</PmtMtd>

            <BtchBookg>false</BtchBookg>

            <PmtTpInf>

                <SvcLvl>

                    <Cd>URGP</Cd>

                </SvcLvl>

                <CtgyPurp>

                    <Cd>EPAY</Cd>

                </CtgyPurp>

            </PmtTpInf>

            <ReqdExctnDt>2019-09-06</ReqdExctnDt>

            <Dbtr>

                <Nm>Merchant 01</Nm>

                <PstlAdr>

                    <StrtNm>Alice Lane15</StrtNm>

                    <BldgNb>15</BldgNb>

                    <PstCd>2000</PstCd>

                    <TwnNm>Mkwakwani</TwnNm>

                    <Ctry>TZ</Ctry>

                    <AdrLine>Adress line 2</AdrLine>

                </PstlAdr>

            </Dbtr>

            <DbtrAcct>

                <Id>

                    <Othr>

                        <Id>001101108978</Id>

                    </Othr>

                </Id>

                <Ccy>TZS</Ccy>

            </DbtrAcct>

            <DbtrAgt>

                <FinInstnId>

                    <BICFI>FNMITZTZ</BICFI>

                    <ClrSysMmbId>

                        <MmbId>15</MmbId>

                    </ClrSysMmbId>

                </FinInstnId>

                <BrnchId>

                    <Id>001</Id>

                </BrnchId>

            </DbtrAgt>

            <CdtTrfTxInf>

                <PmtId>

                    <InstrId>cc724c17712642d182c8caa89a92a529</InstrId>

                    <EndToEndId>76beaeae38154f19964ab995304a3355</EndToEndId>

                </PmtId>

                <PmtTpInf>

                    <SvcLvl>

                        <Cd>URGP</Cd>

                    </SvcLvl>

                    <CtgyPurp>

                        <Cd>EPAY</Cd>

                    </CtgyPurp>

                </PmtTpInf>

                <Amt>

                    <InstdAmt Ccy="TZS">11.00</InstdAmt>

                </Amt>

                <CdtrAgt>

                    <FinInstnId>

                        <BICFI>AZANTZTZ</BICFI>

                    </FinInstnId>

                    <BrnchId>

                        <Id>020</Id>

                    </BrnchId>

                </CdtrAgt>

                <Cdtr>

                    <Nm>Test018</Nm>

                    <PstlAdr>

                        <StrtNm>Alice Lane1</StrtNm>

                        <BldgNb>16</BldgNb>

                        <PstCd>2100</PstCd>

                        <TwnNm>gauteng</TwnNm>

                        <Ctry>UG</Ctry>

                        <AdrLine>ADD1</AdrLine>

                    </PstlAdr>

                </Cdtr>

                <CdtrAcct>

                    <Id>

                        <Othr>

                            <Id>020101005252</Id>

                        </Othr>

                    </Id>

                    <Ccy>TZS</Ccy>

                </CdtrAcct>

                <RmtInf>

                    <Strd>

                        <CdtrRefInf>

                            <Ref>77671df4940213</Ref>

                        </CdtrRefInf>

                    </Strd>

                </RmtInf>

            </CdtTrfTxInf>

        </PmtInf>

    </CstmrCdtTrfInitn>

</Document>